@inproceedings{DBLP:conf/dais/HadererRS13,
	author    = {Nicolas Haderer and Romain Rouvoy and Lionel Seinturier},
	title     = {{Dynamic Deployment of Sensing Experiments in the Wild Using Smartphones}},
	booktitle = {{DAIS}},
	series    = {Lecture Notes in Computer Science},
	volume    = {7891},
	pages     = {43--56},
	publisher = {Springer},
	year      = {2013}
}

@inproceedings{DBLP:conf/icdcs/PrimaultMB15,
	author    = {Vincent Primault and Sonia Ben Mokhtar and Lionel Brunie},
	title     = {Privacy-Preserving Publication of Mobility Data with High Utility},
	booktitle = {{ICDCS}},
	pages     = {802--803},
	publisher = {{IEEE} Computer Society},
	year      = {2015}
}

@inproceedings{langheinrich2001privacy,
	title={Privacy by design-principles of privacy-aware ubiquitous systems},
	author={Langheinrich, Marc},
	booktitle={Ubicomp 2001: Ubiquitous Computing},
	pages={273--291},
	year={2001},
	organization={Springer}
}

@inproceedings{DBLP:conf/mobiquitous/MartinN06,
	author    = {Miquel Martin and
	Petteri Nurmi},
	title     = {A Generic Large Scale Simulator for Ubiquitous Computing},
	booktitle = {3rd Annual International {ICST} Conference on Mobile and Ubiquitous
	Systems: Computing, Networking and Services, {MOBIQUITOUS} 2006, San
	Jose, California, USA, July 17-21, 2006},
	pages     = {1--3},
	year      = {2006},
	url       = {http://dx.doi.org/10.1109/MOBIQ.2006.340388},
	doi       = {10.1109/MOBIQ.2006.340388},
	timestamp = {Fri, 20 Mar 2015 14:34:55 +0100},
	biburl    = {http://dblp.uni-trier.de/rec/bib/conf/mobiquitous/MartinN06},
	bibsource = {dblp computer science bibliography, http://dblp.org}
}

@inproceedings{DBLP:conf/simutools/WeingartnerLW11,
	author    = {Elias Weing{\"{a}}rtner and
	Hendrik vom Lehn and
	Klaus Wehrle},
	title     = {Device driver-enabled wireless network emulation},
	booktitle = {4th International {ICST} Conference on Simulation Tools and Techniques,
	SIMUTools '11, Barcelona, Spain, March 22 - 24, 2011},
	pages     = {188--197},
	year      = {2011},
	url       = {http://dx.doi.org/10.4108/icst.simutools.2011.245543},
	doi       = {10.4108/icst.simutools.2011.245543},
	timestamp = {Tue, 24 Mar 2015 18:02:53 +0100},
	biburl    = {http://dblp.uni-trier.de/rec/bib/conf/simutools/WeingartnerLW11},
	bibsource = {dblp computer science bibliography, http://dblp.org}
}

@inproceedings{DBLP:conf/vtc/HetuHP14,
	author    = {Seth N. Hetu and
	Vahid Saber Hamishagi and
	Li{-}Shiuan Peh},
	title     = {Similitude: Interfacing a Traffic Simulator and Network Simulator
	with Emulated Android Clients},
	booktitle = {{IEEE} 80th Vehicular Technology Conference, {VTC} Fall 2014, Vancouver,
	BC, Canada, September 14-17, 2014},
	pages     = {1--7},
	year      = {2014},
	url       = {http://dx.doi.org/10.1109/VTCFall.2014.6966178},
	doi       = {10.1109/VTCFall.2014.6966178},
	timestamp = {Mon, 15 Dec 2014 13:19:36 +0100},
	biburl    = {http://dblp.uni-trier.de/rec/bib/conf/vtc/HetuHP14},
	bibsource = {dblp computer science bibliography, http://dblp.org}
}

@inproceedings{DBLP:conf/simutools/RicherzhagenSRS15,
	author    = {Bj{\"{o}}rn Richerzhagen and
	Dominik Stingl and
	Julius R{\"{u}}ckert and
	Ralf Steinmetz},
	title     = {Simonstrator: simulation and prototyping platform for distributed
	mobile applications},
	booktitle = {Proceedings of the 8th International Conference on Simulation Tools
	and Techniques, Athens, Greece, August 24-26, 2015},
	pages     = {99--108},
	year      = {2015},
	url       = {http://dx.doi.org/10.4108/eai.24-8-2015.2261064},
	doi       = {10.4108/eai.24-8-2015.2261064},
	timestamp = {Wed, 09 Mar 2016 09:31:16 +0100},
	biburl    = {http://dblp.uni-trier.de/rec/bib/conf/simutools/RicherzhagenSRS15},
	bibsource = {dblp computer science bibliography, http://dblp.org}
}

@inproceedings{henne2011towards,
	title={Towards a mobile security \& privacy simulator},
	author={Henne, Benjamin and Szongott, Christian and Smith, Matthew},
	booktitle={Open Systems (ICOS), 2011 IEEE Conference on},
	pages={95--100},
	year={2011},
	organization={IEEE}
}

@article{DBLP:journals/amsys/Bruno0F15,
	author    = {Rodrigo Bruno and
	Nuno Santos and
	Paulo Ferreira},
	title     = {Termite: Emulation Testbed for Encounter Networks},
	journal   = {{ICST} Trans. Ambient Systems},
	volume    = {2},
	number    = {5},
	pages     = {e4},
	year      = {2015},
	url       = {http://dx.doi.org/10.4108/eai.22-7-2015.2260069},
	doi       = {10.4108/eai.22-7-2015.2260069},
	timestamp = {Thu, 12 Nov 2015 09:56:12 +0100},
	biburl    = {http://dblp.uni-trier.de/rec/bib/journals/amsys/Bruno0F15},
	bibsource = {dblp computer science bibliography, http://dblp.org}
}

@inproceedings{DBLP:conf/mobisec/WiesnerDD11,
	author    = {Kevin Wiesner and Michael D{\"{u}}rr and Markus Duchon},
	title     = {Private Pooling: {A} Privacy-Preserving Approach for Mobile Collaborative
	Sensing},
	booktitle = {MobiSec},
	series    = {Lecture Notes of the Institute for Computer Sciences, Social Informatics
	and Telecommunications Engineering},
	volume    = {94},
	pages     = {52--63},
	publisher = {Springer},
	year      = {2011}
}

@article{DBLP:journals/tsmc/LilienB06,
	author    = {Leszek Lilien and Bharat K. Bhargava},
	title     = {{A scheme for privacy-preserving data dissemination}},
	journal   = {{IEEE} Trans. Systems, Man, and Cybernetics, Part {A}},
	volume    = {36},
	number    = {3},
	pages     = {503--506},
	year      = {2006}
}

@inproceedings{DBLP:conf/icdcs/SinghUSV12,
	author    = {Abhishek Singh and Guido Urdaneta and Maarten van Steen and Roman Vitenberg},
	title     = {{Robust Overlays for Privacy-Preserving Data Dissemination over a Social Graph}},
	booktitle = {{ICDCS}},
	pages     = {234--244},
	publisher = {{IEEE} Computer Society},
	year      = {2012}
}

@inproceedings{DBLP:conf/iccoms/ZhongL14,
	author    = {Peixiang Zhong and Rongxing Lu},
	title     = {{PAD:} Privacy-preserving data dissemination in mobile social networks},
	booktitle = {{ICCS}},
	pages     = {243--247},
	publisher = {{IEEE}},
	year      = {2014}
}

@inproceedings{DBLP:conf/infocom/LuLSCS13,
	author    = {Rongxing Lu and Xiaodong Lin and Zhiguo Shi and Bin Cao and Xuemin (Sherman) Shen},
	title     = {{IPAD:} An incentive and privacy-aware data dissemination scheme in opportunistic networks},
	booktitle = {{INFOCOM}},
	pages     = {445--449},
	publisher = {{IEEE}},
	year      = {2013}
}

@inproceedings{DBLP:conf/infocom/GuoZYF13,
	author    = {Linke Guo and Chi Zhang and Hao Yue and Yuguang Fang},
	title     = {A privacy-preserving social-assisted mobile content dissemination scheme in DTNs},
	booktitle = {{INFOCOM}},
	pages     = {2301--2309},
	publisher = {{IEEE}},
	year      = {2013}
}

@article{DBLP:journals/computing/BoutetFGJK16,
	author    = {Antoine Boutet and Davide Frey and Rachid Guerraoui and Arnaud J{\'{e}}gou and Anne{-}Marie Kermarrec},
	title     = {Privacy-preserving distributed collaborative filtering},
	journal   = {Computing},
	volume    = {98},
	number    = {8},
	pages     = {827--846},
	year      = {2016}
}

@inproceedings{DBLP:conf/middleware/JelasityGKS04,
	author    = {M{\'{a}}rk Jelasity and Rachid Guerraoui and Anne{-}Marie Kermarrec and Maarten van Steen},
	title     = {{The Peer Sampling Service: Experimental Evaluation of Unstructured Gossip-Based Implementations}},
	booktitle = {Middleware},
	series    = {Lecture Notes in Computer Science},
	volume    = {3231},
	pages     = {79--98},
	publisher = {Springer},
	year      = {2004}
}

@inproceedings{DBLP:conf/percom/Vergara-LaurensML14,
	author    = {Idalides J. Vergara{-}Laurens and Diego Mendez and Miguel A. Labrador},
	title     = {Privacy, quality of information, and energy consumption in Participatory Sensing systems},
	booktitle = {PerCom},
	pages     = {199--207},
	publisher = {{IEEE} Computer Society},
	year      = {2014}
}

@inproceedings{DBLP:conf/percom/BoutsisK13,
	author    = {Ioannis Boutsis and Vana Kalogeraki},
	title     = {Privacy preservation for participatory sensing data},
	booktitle = {PerCom},
	pages     = {103--113},
	publisher = {{IEEE} Computer Society},
	year      = {2013}
}

@inproceedings{DBLP:conf/percom/LiC13,
  author    = {Qinghua Li and Guohong Cao},
  title     = {Providing privacy-aware incentives for mobile sensing},
  booktitle = {PerCom},
  pages     = {76--84},
  publisher = {{IEEE} Computer Society},
  year      = {2013}
}

@inproceedings{DBLP:conf/percom/GroatEHHF12,
  author    = {Michael M. Groat and Benjamin Edwards and James Horey and Wenbo He and Stephanie Forrest},
  title     = {Enhancing privacy in participatory sensing applications with multidimensional data},
  booktitle = {PerCom},
  pages     = {144--152},
  publisher = {{IEEE} Computer Society},
  year      = {2012}
}

@article{DBLP:journals/sigkdd/Terrovitis11,
  author    = {Manolis Terrovitis},
  title     = {Privacy preservation in the dissemination of location data},
  journal   = {{SIGKDD} Explorations},
  volume    = {13},
  number    = {1},
  pages     = {6--18},
  year      = {2011}
}

@inproceedings{DBLP:conf/mobisec/Werner10,
  author    = {Martin Werner},
  title     = {A Privacy-Enabled Architecture for Location-Based Services},
  booktitle = {MobiSec},
  series    = {Lecture Notes of the Institute for Computer Sciences, Social Informatics
               and Telecommunications Engineering},
  volume    = {47},
  pages     = {80--90},
  publisher = {Springer},
  year      = {2010}
}

@inproceedings{DBLP:conf/wd/ContiDMP13,
  author    = {Marco Conti and
               Franca Delmastro and
               Giovanni Minutiello and
               Roberta Paris},
  title     = {Experimenting opportunistic networks with WiFi Direct},
  booktitle = {Proceedings of the {IFIP} Wireless Days, {WD} 2013, Valencia, Spain,
               November 13-15, 2013},
  pages     = {1--6},
  year      = {2013},
  url       = {http://dx.doi.org/10.1109/WD.2013.6686501},
  doi       = {10.1109/WD.2013.6686501},
  timestamp = {Tue, 03 Feb 2015 17:12:43 +0100},
  biburl    = {http://dblp.uni-trier.de/rec/bib/conf/wd/ContiDMP13},
  bibsource = {dblp computer science bibliography, http://dblp.org}
}

@inproceedings{DBLP:conf/percom/ZhongH09,
  author    = {Ge Zhong and Urs Hengartner},
  title     = {A Distributed k-Anonymity Protocol for Location Privacy},
  booktitle = {PerCom},
  pages     = {1--10},
  publisher = {{IEEE} Computer Society},
  year      = {2009}
}

@article{DBLP:journals/ijufks/Sweene02,
  author    = {Latanya Sweeney},
  title     = {k-Anonymity: {A} Model for Protecting Privacy},
  journal   = {International Journal of Uncertainty, Fuzziness and Knowledge-Based
               Systems},
  volume    = {10},
  number    = {5},
  pages     = {557--570},
  year      = {2002},
  url       = {http://dx.doi.org/10.1142/S0218488502001648},
  doi       = {10.1142/S0218488502001648},
  timestamp = {Mon, 02 Feb 2009 07:36:23 +0100},
  biburl    = {http://dblp.uni-trier.de/rec/bib/journals/ijufks/Sweene02},
  bibsource = {dblp computer science bibliography, http://dblp.org}
}

@inproceedings{DBLP:conf/icde/LiLV07,
  author    = {Ninghui Li and
               Tiancheng Li and
               Suresh Venkatasubramanian},
  title     = {t-Closeness: Privacy Beyond k-Anonymity and l-Diversity},
  booktitle = {Proceedings of the 23rd International Conference on Data Engineering,
               {ICDE} 2007, The Marmara Hotel, Istanbul, Turkey, April 15-20, 2007},
  pages     = {106--115},
  year      = {2007},
  url       = {http://dx.doi.org/10.1109/ICDE.2007.367856},
  doi       = {10.1109/ICDE.2007.367856},
  timestamp = {Mon, 25 Apr 2016 16:57:48 +0200},
  biburl    = {http://dblp.uni-trier.de/rec/bib/conf/icde/LiLV07},
  bibsource = {dblp computer science bibliography, http://dblp.org}
}

@inproceedings{DBLP:conf/icde/MachanavajjhalaGKV06,
  author    = {Ashwin Machanavajjhala and
               Johannes Gehrke and
               Daniel Kifer and
               Muthuramakrishnan Venkitasubramaniam},
  title     = {l-Diversity: Privacy Beyond k-Anonymity},
  booktitle = {Proceedings of the 22nd International Conference on Data Engineering,
               {ICDE} 2006, 3-8 April 2006, Atlanta, GA, {USA}},
  pages     = {24},
  year      = {2006},
  url       = {http://dx.doi.org/10.1109/ICDE.2006.1},
  doi       = {10.1109/ICDE.2006.1},
  timestamp = {Mon, 25 Apr 2016 16:57:48 +0200},
  biburl    = {http://dblp.uni-trier.de/rec/bib/conf/icde/MachanavajjhalaGKV06},
  bibsource = {dblp computer science bibliography, http://dblp.org}
}

@inproceedings{DBLP:conf/mobisys/CorneliusKKPST08,
  author    = {Cory Cornelius and
               Apu Kapadia and
               David Kotz and
               Daniel Peebles and
               Minho Shin and
               Nikos Triandopoulos},
  title     = {Anonysense: privacy-aware people-centric sensing},
  booktitle = {Proceedings of the 6th International Conference on Mobile Systems,
               Applications, and Services (MobiSys 2008), Breckenridge, CO, USA,
               June 17-20, 2008},
  pages     = {211--224},
  year      = {2008},
  url       = {http://doi.acm.org/10.1145/1378600.1378624},
  doi       = {10.1145/1378600.1378624},
  timestamp = {Thu, 19 Jun 2008 09:50:12 +0200},
  biburl    = {http://dblp.uni-trier.de/rec/bib/conf/mobisys/CorneliusKKPST08},
  bibsource = {dblp computer science bibliography, http://dblp.org}
}
